%%%%%%%%%%%%%%%%%%%%%%%%%%%%%%%%%%%%%%%%%%%%%%%%%%%%%%
% BASICS %
%%%%%%%%%%%%%%%%%%%%%%%%%%%%%%%%%%%%%%%%%%%%%%%%%%%%%%

@inproceedings{Szegedy13,
	author = {Christian Szegedy and Wojciech Zaremba and Ilya Sutskever and Joan Bruna and Dumitru Erhan and Ian Goodfellow and Rob Fergus},
	title = {Intriguing properties of neural networks},
	booktitle = {International Conference on Learning Representations (ICLR)},
	year = {2014}
}

%%% Introduces FGSM, Adversarial training %%%
@article{goodfellow2014explaining,
	title={Explaining and harnessing adversarial examples},
	author={Goodfellow, Ian J and Shlens, Jonathon and Szegedy, Christian},
	journal={arXiv preprint arXiv:1412.6572},
	year={2014}
}

%%% Introduces PGD %%%
@article{madry2017towards,
	title={Towards deep learning models resistant to adversarial attacks},
	author={Madry, Aleksander and Makelov, Aleksandar and Schmidt, Ludwig and Tsipras, Dimitris and Vladu, Adrian},
	journal={arXiv preprint arXiv:1706.06083},
	year={2017}
}

%%% Large scale adversarial training %%%
@article{kurakin2016adversarial,
	title={Adversarial machine learning at scale},
	author={Kurakin, Alexey and Goodfellow, Ian and Bengio, Samy},
	journal={arXiv preprint arXiv:1611.01236},
	year={2016}
}

@article{papernot2016transferability,
	title={Transferability in machine learning: from phenomena to black-box attacks using adversarial samples},
	author={Papernot, Nicolas and McDaniel, Patrick and Goodfellow, Ian},
	journal={arXiv preprint arXiv:1605.07277},
	year={2016}
}


@inproceedings{papernot2018marauder,
	title={A Marauder's Map of Security and Privacy in Machine Learning: An overview of current and future research directions for making machine learning secure and private},
	author={Papernot, Nicolas},
	booktitle={Proceedings of the 11th ACM Workshop on Artificial Intelligence and Security},
	pages={1--1},
	year={2018},
	organization={ACM}
}

@article{shamir2019simple,
	title={A simple explanation for the existence of adversarial examples with small hamming distance},
	author={Shamir, Adi and Safran, Itay and Ronen, Eyal and Dunkelman, Orr},
	journal={arXiv preprint arXiv:1901.10861},
	year={2019}
}

@inproceedings{gilmer2019adversarial,
	title={Adversarial Examples Are a Natural Consequence of Test Error in Noise},
	author={Gilmer, Justin and Ford, Nicolas and Carlini, Nicholas and Cubuk, Ekin},
	booktitle={International Conference on Machine Learning},
	pages={2280--2289},
	year={2019}
}


@article{ilyas2019adversarial,
	title={Adversarial examples are not bugs, they are features},
	author={Ilyas, Andrew and Santurkar, Shibani and Tsipras, Dimitris and Engstrom, Logan and Tran, Brandon and Madry, Aleksander},
	journal={arXiv preprint arXiv:1905.02175},
	year={2019}
}

@article{DBLP:journals/corr/abs-1906-00555,
	author    = {Runtian Zhai and
	Tianle Cai and
	Di He and
	Chen Dan and
	Kun He and
	John E. Hopcroft and
	Liwei Wang},
	title     = {Adversarially Robust Generalization Just Requires More Unlabeled Data},
	journal   = {CoRR},
	volume    = {abs/1906.00555},
	year      = {2019},
	url       = {http://arxiv.org/abs/1906.00555},
	archivePrefix = {arXiv},
	eprint    = {1906.00555},
	timestamp = {Thu, 13 Jun 2019 13:36:00 +0200},
	biburl    = {https://dblp.org/rec/bib/journals/corr/abs-1906-00555},
	bibsource = {dblp computer science bibliography, https://dblp.org}
}

@article{li2018generative,
	title={Are generative classifiers more robust to adversarial attacks?},
	author={Li, Yingzhen and Bradshaw, John and Sharma, Yash},
	journal={arXiv preprint arXiv:1802.06552},
	year={2018}
}

@article{fetaya2019conditional,
	title={Conditional Generative Models are not Robust},
	author={Fetaya, Ethan and Jacobsen, J{\"o}rn-Henrik and Zemel, Richard},
	journal={arXiv preprint arXiv:1906.01171},
	year={2019}
}

@inproceedings{
	geirhos2018,
	title={ImageNet-trained {CNN}s are biased towards texture; increasing shape bias improves accuracy and robustness.},
	author={Robert Geirhos and Patricia Rubisch and Claudio Michaelis and Matthias Bethge and Felix A Wichmann and Wieland Brendel},
	booktitle={International Conference on Learning Representations},
	year={2019},
	url={https://openreview.net/forum?id=Bygh9j09KX},
}

@article{47159,
	title	= {Motivating the Rules of the Game for Adversarial Example Research},
	author	= {Justin Gilmer and Ryan P. Adams and Ian Goodfellow and David Andersen and George E. Dahl},
	year	= {2018},
	URL	= {https://arxiv.org/abs/1807.06732},
	journal	= {arxiv}
}

@inproceedings{durkota2017optimal,
	title={Optimal strategies for detecting data exfiltration by internal and external attackers},
	author={Durkota, Karel and Lis{\`y}, Viliam and Kiekintveld, Christopher and Hor{\'a}k, Karel and Bo{\v{s}}ansk{\`y}, Branislav and Pevn{\`y}, Tom{\'a}{\v{s}}},
	booktitle={International Conference on Decision and Game Theory for Security},
	pages={171--192},
	year={2017},
	organization={Springer}
}

@article{croce2018provable,
	title={Provable robustness of relu networks via maximization of linear regions},
	author={Croce, Francesco and Andriushchenko, Maksym and Hein, Matthias},
	journal={arXiv preprint arXiv:1810.07481},
	year={2018}
}

@inproceedings{schott2019towards,
	title={Towards the First Adversarially Robust Neural Network Model on MNIST},
	author={Schott, L and Rauber, J and Bethge, M and Brendel, W},
	booktitle={Seventh International Conference on Learning Representations (ICLR 2019)},
	pages={1--16},
	year={2019}
}

%%%%%%%%%%%%%%%%%%%%%%%%%%%%%%%%%%%%%%%%%%%%%%%%%%%%%%
% COUNTERMEASURES %
%%%%%%%%%%%%%%%%%%%%%%%%%%%%%%%%%%%%%%%%%%%%%%%%%%%%%%

@inproceedings{papernot2016distillation,
	title={Distillation as a defense to adversarial perturbations against deep neural networks},
	author={Papernot, Nicolas and McDaniel, Patrick and Wu, Xi and Jha, Somesh and Swami, Ananthram},
	booktitle={2016 IEEE Symposium on Security and Privacy (SP)},
	pages={582--597},
	year={2016},
	organization={IEEE}
}

%%% Adversarial training %%%
@inproceedings{carlini2017towards,
	title={Towards evaluating the robustness of neural networks},
	author={Carlini, Nicholas and Wagner, David},
	booktitle={2017 IEEE Symposium on Security and Privacy (SP)},
	pages={39--57},
	year={2017},
	organization={IEEE}
}

@article{carlini2019evaluating,
	title={On evaluating adversarial robustness},
	author={Carlini, Nicholas and Athalye, Anish and Papernot, Nicolas and Brendel, Wieland and Rauber, Jonas and Tsipras, Dimitris and Goodfellow, Ian and Madry, Aleksander and Kurakin, Alexey},
	journal={arXiv preprint arXiv:1902.06705},
	year={2019}
}

@inproceedings{zhang2019defense,
	title={Defense against adversarial attacks using feature scattering-based adversarial training},
	author={Zhang, Haichao and Wang, Jianyu},
	booktitle={Advances in Neural Information Processing Systems},
	pages={1831--1841},
	year={2019}
}

@inproceedings{zhang2019you,
	title={You only propagate once: Accelerating adversarial training via maximal principle},
	author={Zhang, Dinghuai and Zhang, Tianyuan and Lu, Yiping and Zhu, Zhanxing and Dong, Bin},
	booktitle={Advances in Neural Information Processing Systems},
	pages={227--238},
	year={2019}
}

%%%%%%%%%%%%%%%%%%%%%%%%%%%%%%%%%%%%%%%%%%%%%%%%%%%%%%
% COUNTERATTACKS %
%%%%%%%%%%%%%%%%%%%%%%%%%%%%%%%%%%%%%%%%%%%%%%%%%%%%%%

@inproceedings{carlini2017adversarial,
	title={Adversarial examples are not easily detected: Bypassing ten detection methods},
	author={Carlini, Nicholas and Wagner, David},
	booktitle={Proceedings of the 10th ACM Workshop on Artificial Intelligence and Security},
	pages={3--14},
	year={2017},
	organization={ACM}
}

@inproceedings{athalye2018obfuscated,
	title={Obfuscated Gradients Give a False Sense of Security: Circumventing Defenses to Adversarial Examples},
	author={Athalye, Anish and Carlini, Nicholas and Wagner, David},
	booktitle={International Conference on Machine Learning},
	pages={274--283},
	year={2018}
}

@article{tramer2020adaptive,
	title={On adaptive attacks to adversarial example defenses},
	author={Tramer, Florian and Carlini, Nicholas and Brendel, Wieland and Madry, Aleksander},
	journal={arXiv preprint arXiv:2002.08347},
	year={2020}
}


%%%%%%%%%%%%%%%%%%%%%%%%%%%%%%%%%%%%%%%%%%%%%%%%%%%%%%
% GAME THEORY %
%%%%%%%%%%%%%%%%%%%%%%%%%%%%%%%%%%%%%%%%%%%%%%%%%%%%%%

@article{dritsoula2017game,
	title={A game-theoretic analysis of adversarial classification},
	author={Dritsoula, Lemonia and Loiseau, Patrick and Musacchio, John},
	journal={IEEE Transactions on Information Forensics and Security},
	volume={12},
	number={12},
	pages={3094--3109},
	year={2017},
	publisher={IEEE}
}

@article{perolat2018playing,
	title={Playing the game of universal adversarial perturbations},
	author={Perolat, Julien and Malinowski, Mateusz and Piot, Bilal and Pietquin, Olivier},
	journal={arXiv preprint arXiv:1809.07802},
	year={2018}
}

%%%%%%%%%%%%%%%%%%%%%%%%%%%%%%%%%%%%%%%%%%%%%%%%%%%%%%
% SECRET KEY %
%%%%%%%%%%%%%%%%%%%%%%%%%%%%%%%%%%%%%%%%%%%%%%%%%%%%%%

@inproceedings{taran2018bridging,
	title={Bridging machine learning and cryptography in defence against adversarial attacks},
	author={Taran, Olga and Rezaeifar, Shideh and Voloshynovskiy, Slava},
	booktitle={Proceedings of the European Conference on Computer Vision (ECCV)},
	pages={0--0},
	year={2018}
}

@article{taran2019robustification,
	title={Robustification of deep net classifiers by key based diversified aggregation with pre-filtering},
	author={Taran, Olga and Rezaeifar, Shideh and Holotyak, Taras and Voloshynovskiy, Slava},
	journal={arXiv preprint arXiv:1905.05454},
	year={2019}
}

%%%%%%%%%%%%%%%%%%%%%%%%%%%%%%%%%%%%%%%%%%%%%%%%%%%%%%
% CONVOLUTIONAL NEURAL NETWORKS %
%%%%%%%%%%%%%%%%%%%%%%%%%%%%%%%%%%%%%%%%%%%%%%%%%%%%%%

@inproceedings{krizhevsky2012imagenet,
	title={Imagenet classification with deep convolutional neural networks},
	author={Krizhevsky, Alex and Sutskever, Ilya and Hinton, Geoffrey E},
	booktitle={Advances in neural information processing systems},
	pages={1097--1105},
	year={2012}
}

@inproceedings{glorot2010understanding,
	title={Understanding the difficulty of training deep feedforward neural networks},
	author={Glorot, Xavier and Bengio, Yoshua},
	booktitle={Proceedings of the thirteenth international conference on artificial intelligence and statistics},
	pages={249--256},
	year={2010}
}

@article{liu2019variance,
	title={On the variance of the adaptive learning rate and beyond},
	author={Liu, Liyuan and Jiang, Haoming and He, Pengcheng and Chen, Weizhu and Liu, Xiaodong and Gao, Jianfeng and Han, Jiawei},
	journal={arXiv preprint arXiv:1908.03265},
	year={2019}
}

%%%%%%%%%%%%%%%%%%%%%%%%%%%%%%%%%%%%%%%%%%%%%%%%%%%%%%
% RESNET %
%%%%%%%%%%%%%%%%%%%%%%%%%%%%%%%%%%%%%%%%%%%%%%%%%%%%%%

@inproceedings{he2016identity,
	title={Identity mappings in deep residual networks},
	author={He, Kaiming and Zhang, Xiangyu and Ren, Shaoqing and Sun, Jian},
	booktitle={European conference on computer vision},
	pages={630--645},
	year={2016},
	organization={Springer}
}

@inproceedings{he2016deep,
	title={Deep residual learning for image recognition},
	author={He, Kaiming and Zhang, Xiangyu and Ren, Shaoqing and Sun, Jian},
	booktitle={Proceedings of the IEEE conference on computer vision and pattern recognition},
	pages={770--778},
	year={2016}
}

@article{zagoruyko2016wide,
	title={Wide residual networks},
	author={Zagoruyko, Sergey and Komodakis, Nikos},
	journal={arXiv preprint arXiv:1605.07146},
	year={2016}
}

@article{howard2017mobilenets,
	title={Mobilenets: Efficient convolutional neural networks for mobile vision applications},
	author={Howard, Andrew G and Zhu, Menglong and Chen, Bo and Kalenichenko, Dmitry and Wang, Weijun and Weyand, Tobias and Andreetto, Marco and Adam, Hartwig},
	journal={arXiv preprint arXiv:1704.04861},
	year={2017}
}

%%%%%%%%%%%%%%%%%%%%%%%%%%%%%%%%%%%%%%%%%%%%%%%%%%%%%%
% EFFICIENTNET %
%%%%%%%%%%%%%%%%%%%%%%%%%%%%%%%%%%%%%%%%%%%%%%%%%%%%%%

@article{tan2019efficientnet,
	title={Efficientnet: Rethinking model scaling for convolutional neural networks},
	author={Tan, Mingxing and Le, Quoc V},
	journal={arXiv preprint arXiv:1905.11946},
	year={2019}
}


@inproceedings{xie2020self,
	title={Self-training with noisy student improves imagenet classification},
	author={Xie, Qizhe and Luong, Minh-Thang and Hovy, Eduard and Le, Quoc V},
	booktitle={Proceedings of the IEEE/CVF Conference on Computer Vision and Pattern Recognition},
	pages={10687--10698},
	year={2020}
}




%%%%%%%%%%%%%%%%%%%%%%%%%%%%%%%%%%%%%%%%%%%%%%%%%%%%%%
% FREE/FAST ADVERSARIAL TRAINING %
%%%%%%%%%%%%%%%%%%%%%%%%%%%%%%%%%%%%%%%%%%%%%%%%%%%%%%

@inproceedings{shafahi2019adversarial,
	title={Adversarial training for free!},
	author={Shafahi, Ali and Najibi, Mahyar and Ghiasi, Mohammad Amin and Xu, Zheng and Dickerson, John and Studer, Christoph and Davis, Larry S and Taylor, Gavin and Goldstein, Tom},
	booktitle={Advances in Neural Information Processing Systems},
	pages={3358--3369},
	year={2019}
}

@article{wong2020fast,
	title={Fast is better than free: Revisiting adversarial training},
	author={Wong, Eric and Rice, Leslie and Kolter, J Zico},
	journal={arXiv preprint arXiv:2001.03994},
	year={2020}
}

@article{li2020towards,
	title={Towards Understanding Fast Adversarial Training},
	author={Li, Bai and Wang, Shiqi and Jana, Suman and Carin, Lawrence},
	journal={arXiv preprint arXiv:2006.03089},
	year={2020}
}

%%%%%%%%%%%%%%%%%%%%%%%%%%%%%%%%%%%%%%%%%%%%%%%%%%%%%%
% JULIA %
%%%%%%%%%%%%%%%%%%%%%%%%%%%%%%%%%%%%%%%%%%%%%%%%%%%%%%

@article{Julia-2017,
	title={Julia: A fresh approach to numerical computing},
	author={Bezanson, Jeff and Edelman, Alan and Karpinski, Stefan and Shah, Viral B},
	journal={SIAM {R}eview},
	volume={59},
	number={1},
	pages={65--98},
	year={2017},
	publisher={SIAM},
	doi={10.1137/141000671}
}

@article{Flux.jl-2018,
	author    = {Michael Innes and
	Elliot Saba and
	Keno Fischer and
	Dhairya Gandhi and
	Marco Concetto Rudilosso and
	Neethu Mariya Joy and
	Tejan Karmali and
	Avik Pal and
	Viral Shah},
	title     = {Fashionable Modelling with Flux},
	journal   = {CoRR},
	volume    = {abs/1811.01457},
	year      = {2018},
	url       = {http://arxiv.org/abs/1811.01457},
	archivePrefix = {arXiv},
	eprint    = {1811.01457},
	timestamp = {Thu, 22 Nov 2018 17:58:30 +0100},
	biburl    = {https://dblp.org/rec/bib/journals/corr/abs-1811-01457},
	bibsource = {dblp computer science bibliography, https://dblp.org}
}

@article{innes:2018,
	author    = {Mike Innes},
	title     = {Flux: Elegant Machine Learning with Julia},
	journal   = {Journal of Open Source Software},
	year      = {2018},
	doi       = {10.21105/joss.00602},
}

%%%%%%%%%%%%%%%%%%%%%%%%%%%%%%%%%%%%%%%%%%%%%%%%%%%%%%
% CLASSICAL STATISTICS VS DEEP LEARNING %
%%%%%%%%%%%%%%%%%%%%%%%%%%%%%%%%%%%%%%%%%%%%%%%%%%%%%%

% Bias-variance trade-off from classical statistics (examples also used in belkin2019)
@article{hastie2001friedman,
	title={Friedman},
	author={Hastie, Tibshirani and Tibshirani, Robert},
	journal={The Elements of Statistical Learning,” Springer},
	pages={52},
	year={2001}
}

@article{geman1992neural,
	title={Neural networks and the bias/variance dilemma},
	author={Geman, Stuart and Bienenstock, Elie and Doursat, Ren{\'e}},
	journal={Neural computation},
	volume={4},
	number={1},
	pages={1--58},
	year={1992},
	publisher={MIT Press}
}



@article{belkin2019reconciling,
	title={Reconciling modern machine-learning practice and the classical bias--variance trade-off},
	author={Belkin, Mikhail and Hsu, Daniel and Ma, Siyuan and Mandal, Soumik},
	journal={Proceedings of the National Academy of Sciences},
	volume={116},
	number={32},
	pages={15849--15854},
	year={2019},
	publisher={National Acad Sciences}
}

@article{nakkiran2019deep,
	title={Deep double descent: Where bigger models and more data hurt},
	author={Nakkiran, Preetum and Kaplun, Gal and Bansal, Yamini and Yang, Tristan and Barak, Boaz and Sutskever, Ilya},
	journal={arXiv preprint arXiv:1912.02292},
	year={2019}
}

@article{d2020double,
	title={Double trouble in double descent: Bias and variance (s) in the lazy regime},
	author={d'Ascoli, St{\'e}phane and Refinetti, Maria and Biroli, Giulio and Krzakala, Florent},
	journal={arXiv preprint arXiv:2003.01054},
	year={2020}
}

@article{d2020triple,
	title={Triple descent and the two kinds of overfitting: Where \& why do they appear?},
	author={d'Ascoli, St{\'e}phane and Sagun, Levent and Biroli, Giulio},
	journal={arXiv preprint arXiv:2006.03509},
	year={2020}
}

%%%%%%%%%%%%%%%%%%%%%%%%%%%%%%%%%%%%%%%%%%%%%%%%%%%%%%
% OTHER %
%%%%%%%%%%%%%%%%%%%%%%%%%%%%%%%%%%%%%%%%%%%%%%%%%%%%%%



@article{rice2020overfitting,
	title={Overfitting in adversarially robust deep learning},
	author={Rice, Leslie and Wong, Eric and Kolter, J Zico},
	journal={arXiv preprint arXiv:2002.11569},
	year={2020}
}

@article{zhou2020universality,
	title={Universality of deep convolutional neural networks},
	author={Zhou, Ding-Xuan},
	journal={Applied and computational harmonic analysis},
	volume={48},
	number={2},
	pages={787--794},
	year={2020},
	publisher={Elsevier}
}

%%%%%%%%%%%%%%%%%%%%%%%%%%%%%%%%%%%%%%%%%%%%%%%%%%%%%%
% ADVERSARIAL LEARNING IN THE ANCIENT TIMES %
%%%%%%%%%%%%%%%%%%%%%%%%%%%%%%%%%%%%%%%%%%%%%%%%%%%%%%

% First time ? adversarial attacks were on classifiers were discussed
@inproceedings{lowd2005adversarial,
	title={Adversarial learning},
	author={Lowd, Daniel and Meek, Christopher},
	booktitle={Proceedings of the eleventh ACM SIGKDD international conference on Knowledge discovery in data mining},
	pages={641--647},
	year={2005}
}

% First time ? security in the context of ML is discussed
@inproceedings{barreno2006can,
	title={Can machine learning be secure?},
	author={Barreno, Marco and Nelson, Blaine and Sears, Russell and Joseph, Anthony D and Tygar, J Doug},
	booktitle={Proceedings of the 2006 ACM Symposium on Information, computer and communications security},
	pages={16--25},
	year={2006}
}

@inproceedings{huang2011adversarial,
	title={Adversarial machine learning},
	author={Huang, Ling and Joseph, Anthony D and Nelson, Blaine and Rubinstein, Benjamin IP and Tygar, J Doug},
	booktitle={Proceedings of the 4th ACM workshop on Security and artificial intelligence},
	pages={43--58},
	year={2011}
}
